% Include references here 

@misc{example,
  author = {},
  title = {},
  year = {},
  url = {}
}

@misc{sig,
  author = {Gary Kessler},
  title = {GCK'S FILE SIGNATURES TABLE},
  year = {2025},
  url = {https://filesig.search.org/}
}